@misc{iso_1,
    title     = "Information technology -- Personal identification -- ISO-compliant driving licence -- Part 1: Physical characteristics and basic data set"
}

@misc{iso_2,
    title     = "Information technology -- Personal identification -- ISO-compliant driving licence -- Part 2: Machine-readable technologies"
}

@misc{iso_3,
    title     = "Information technology -- Personal identification -- ISO-compliant driving licence -- Part 3: Access control, authentication and integrity validation"
}

@misc{iso_5,
    title     = "Personal Identification -- ISO Compliant Driving Licence -- Part 5: Mobile Driving Licence"
}